@STRING{ELSEVIER_J_CVGIP   = "Comput. Vis., Graph., and Image Process."}
@STRING{ELSEVIER_J_PR      = "Pattern Recognit."}
@STRING{ELSEVIER_J_PRL     = "Pattern Recognit. Lett."}
@STRING{ELSEVIER_J_CSS     = "J. Comput. and Syst. Sci."}
@STRING{IEICE_J_FECACS     = "{IEICE} Trans. Fundam. Electron., Commun. and Comput. Sci."}
@STRING{IEICE_J_IS         = "{IEICE} Trans. Inform. and Syst."}
@STRING{IEICE_J_E          = "{IEICE} Trans. electron."}
@STRING{IIEEJ_J_JIIEEJ     = "J. Inst. Image Electron. Engineers Japan"}
@STRING{JMLR.ORG_J_JMLR    = "J. Mach. Learn. Res."}
@STRING{SPRINGER_J_AVC     = "Adv. Vis. Comput."}
@STRING{SPRINGER_J_IJCV    = "Int. J. Comput. Vis."}
@STRING{SPRINGER_J_ML      = "Mach. Learn."}
@STRING{SPRINGER_J_MVA     = "Mach. Vis. and Appl."}
@STRING{SPRINGER_J_SPS     = "J. Signal Process. Syst."}
@STRING{SPRINGER_J_MNA     = "J. Mobile Netw. and Appl."}
@STRING{EURASIP_J_IVP      = "EURASIP J. Image and Video Process."}
@STRING{EURASIP_J_ASP      = "EURASIP J. Advances in Signal Process."}
@STRING{EURASIP_J_EMB      = "EURASIP J. Embedded Syst."}
@STRING{ACM_J_IST          = "{ACM} Trans. Intell. Syst. Technol."}
@STRING{IMS_J_AS           = "Ann. of Statist."}
@STRING{WS_J_CSC           = "J. Circuits, Syst., Comput."}
@STRING{J_AEEE             = "Advances in Elect. and Electron. Eng."}
@STRING{WB_J_CI            = "Comput. Intell."}

@STRING{IEEE_C_APCCAS      = "\proc {IEEE} Asia Pacific Conf. Circuits and Syst."}
@STRING{IEEE_C_CAVBPA      = "\proc {IEEE} Conf. Audio and Video-based Biometric Person Authentication"}
@STRING{IEEE_C_CICC        = "\proc {IEEE} Custom Integr. Circuits Conf."}
@STRING{IEEE_C_CVPR        = "\proc {IEEE} Comput. Soc. Conf. Comput. Vis. and Pattern Recognit."}
@STRING{IEEE_C_CVPRW       = "\proc {IEEE} Comput. Soc. Conf. Comput. Vis. and Pattern Recognit. Workshop"}
@STRING{IEEE_C_DSPW_SPEW   = "\proc {IEEE} Digital Signal Process. Workshop and {IEEE} Signal Process. Edu. Workshop"}
@STRING{IEEE_C_ICCSAE      = "\proc {IEEE} Int. Conf. Comput. Sci. and Autom. Eng."}
@STRING{IEEE_C_ICCV        = "\proc {IEEE} Int. Conf. Comput. Vis."}
@STRING{IEEE_C_ICCVW       = "\proc {IEEE} Int. Conf. Comput. Vis. Workshops"}
@STRING{IEEE_C_ICIP        = "\proc {IEEE} Int. Conf. Image Process."}               
@STRING{IEEE_C_ICME        = "\proc {IEEE} Int. Conf. Multimedia and Expo"}
@STRING{IEEE_C_ICRA        = "\proc {IEEE} Int. Conf. Robot. and Autom."}               
@STRING{IEEE_C_IGARSS      = "\proc {IEEE} Int. Geosci. and Remote Sens. Symp."}
@STRING{IEEE_C_ISCAS       = "\proc {IEEE} Int. Symp. Circuits and Syst."}
@STRING{IEEE_C_ISSCC       = "\proc {IEEE} Int. Solid-State Circuits Conf."} 
@STRING{IEEE_C_ISPACS      = "\proc {IEEE} Int. Symp. Intell. Signal Process. and Commun. Syst."}
@STRING{IEEE_C_ITS         = "\proc {IEEE} Conf. Intell. Transp. Syst."}
@STRING{IEEE_C_IVS         = "\proc {IEEE} Intell. Veh. Symp."}
@STRING{IEEE_C_MSP         = "\proc {IEEE} Workshop Multimedia Signal Process."}
@STRING{IEEE_C_PETS        = "\proc {IEEE} Int. Workshop Performance Evaluation of Tracking and Surveillance"}
@STRING{IEEE_C_PSIVT       = "\proc {IEEE} Pacific-Rim Symp. Image and Video Technol."}
@STRING{IEEE_C_VS_PETS     = "\proc {IEEE} Int. Workshop Vis. Surveillance and Performance Evaluation of Tracking and Surveillance"}
@STRING{IEEE_C_WMANRAO     = "\proc {IEEE} Workshop Motion of Non-Rigid and Articulated Objects"}
@STRING{IEEE_C_ISCCSP      = "\proc {IEEE} Int. Symp. Commun., Control and Signal Process."}
@STRING{IEEE_C_IRS         = "\proc {IEEE}/RSJ Int. Conf. Intell. Robot. and Syst."}
@STRING{IEEE_C_FCCM        = "\proc {IEEE} Int. Symp. Field-Programmable Custom Comput. Mach."}
@STRING{IEEE_C_SIPS        = "\proc {IEEE} Workshop Signal Process. Syst."}
@STRING{IEEE_C_NN          = "\proc {IEEE} Int. Conf. Neural Netw."}
@STRING{IEEE_JC_NN         = "\proc {IEEE} Int. Joint Conf. Neural Netw."}
@STRING{IEEE_C_ISCA        = "\proc {IEEE} Int. Symp. Comput. Archit."}

@STRING{C_ACAS             = "\proc Adv. Comput. Syst. Archit."}
@STRING{C_ACCV             = "\proc Asian Conf. Comput. Vis."}
@STRING{C_APSIPA           = "\proc Asia-Pacific Signal and Inform. Process. Assoc. Annu. Summit and Conf."}
@STRING{C_BMVC             = "\proc British Mach. Vis. Conf."}
@STRING{C_ECCV             = "\proc European Conf. Comput. Vis."}
@STRING{C_ECCVW            = "\proc European Conf. Comput. Vis. Workshop"}
@STRING{C_ICML             = "\proc Int. Conf. Mach. Learn."}
@STRING{C_ICPR             = "\proc Int. Conf. Pattern Recognit."}
@STRING{C_ITC-CSCC         = "\proc Int. Tech. Conf. Circuits/Syst., Comput. and Commun."}
@STRING{C_NIPS             = "\proc Adv. Neural Inform. Process. Syst."}
@STRING{C_IIHMSP           = "\proc Int. Conf. Intell. Inform. Hiding and Multimedia Signal Process."}
@STRING{C_ICAPS            = "\proc Int. Conf. Automated Planning and Scheduling"}
@STRING{C_ICVS             = "\proc Int. Conf. Comput. Vis. Syst."}
@STRING{C_ISER             = "\proc Int. Symp. Experimental Robot."}
@STRING{C_WSACTV           = "\proc Workshop Stat. and Comput. Theories Vis."}
@STRING{C_ISCIT            = "\proc Int. Symp. Commun. and Inform. Technol."}

@STRING{DAGM_S_PR          = "\proc {DAGM} Symp. Pattern Recognit."}
@STRING{RSL_SA             = "\proc Royal Soc. London. Series A: Math., Phys. and Eng. Sci."}
@STRING{NRLQ               = "Naval Res. Logistics Quart."}
@STRING{CJECE              = "Canadian J. of Electr. and Comput. Eng."}
@STRING{C_ICLR             = "\proc Int. Conf. Learn. Repr."}
@STRING{C_ICLRW             = "\proc Int. Conf. Learn. Repr. Workshop"}
@STRING{MIT_NECO           = "Neural Comput."}
@STRING{JMLR.ORG_C_AIS     = "\proc Int. Conf. Artificial Intell. and Statist."}

@STRING{IEEE_STD754        = "{IEEE} Std 754-2008"}
@STRING{C_SISA             = "\proc Int. Workshop Smart Info-Media Syst. in Asia"}
@STRING{C_ISOCC            = "\proc Int. SoC Des. Conf."}
@STRING{C_FPL              = "\proc Int. Conf. Field-Programmable Logic and Appl."}
@STRING{C_ESTIMEDIA        = "\proc {ACM}/{IEEE} Symp. Embedded Syst. Real-time Multimedia"}