@STRING{ELSEVIER_J_CVGIP   = "Computer Vision, Graphics, and Image Processing"}
@STRING{ELSEVIER_J_PR      = "Pattern Recognition"}
@STRING{ELSEVIER_J_PRL     = "Pattern Recognition Letters"}
@STRING{ELSEVIER_J_CSS     = "Journal of Computer and System Sciences"}
@STRING{IEICE_J_FECACS     = "{IEICE} \trans Fundamentals of Electronics, Communications and Computer Sciences"}
@STRING{IEICE_J_IS         = "{IEICE} \trans Information and Systems"}
@STRING{IEICE_J_E          = "{IEICE} \trans electronics"}
@STRING{IIEEJ_J_JIIEEJ     = "The Journal of the Institute of Image Electronics Engineers of Japan"}
@STRING{JMLR.ORG_J_JMLR    = "Journal of Machine Learning Research"}
@STRING{SPRINGER_J_AVC     = "Advances in Visual Computing"}
@STRING{SPRINGER_J_IJCV    = "International Journal of Computer Vision"}
@STRING{SPRINGER_J_ML      = "Machine Learning"}
@STRING{SPRINGER_J_MVA     = "Machine Vision and Applications"}
@STRING{SPRINGER_J_SPS     = "Journal of Signal Processing Systems"}
@STRING{SPRINGER_J_MNA     = "Journal of Mobile Networks and Applications"}
@STRING{EURASIP_J_IVP      = "EURASIP Journal on Image and Video Processing"}
@STRING{EURASIP_J_ASP      = "EURASIP Journal on Advances in Signal Processing"}
@STRING{EURASIP_J_EMB      = "EURASIP Journal on Embedded Systems"}
@STRING{ACM_J_IST          = "{ACM} Transactions on Intelligent Systems and Technology"}
@STRING{IMS_J_AS           = "Annals of Statistics"}
@STRING{WS_J_CSC           = "Journal of Circuits, Systems and Computers"}
@STRING{J_AEEE             = "Advances in Electrical and Electronic Engineering"}
@STRING{WB_J_CI            = "Computational Intelligence"}

@STRING{IEEE_C_APCCAS      = "\proc {IEEE} Asia Pacific Conference on Circuits and Systems"}
@STRING{IEEE_C_CAVBPA      = "\proc {IEEE} Conference on Audio and Video-based Biometric Person Authentication"}
@STRING{IEEE_C_CICC        = "\proc {IEEE} Custom Integrated Circuits Conference"}
@STRING{IEEE_C_CVPR        = "\proc {IEEE} Computer Society Conference on Computer Vision and Pattern Recognition"}
@STRING{IEEE_C_CVPRW       = "\proc {IEEE} Computer Society Conference on Computer Vision and Pattern Recognition Workshop"}
@STRING{IEEE_C_DSPW_SPEW   = "\proc {IEEE} Digital Signal Processing Workshop and {IEEE} Signal Processing Education Workshop"}
@STRING{IEEE_C_ICCSAE      = "\proc {IEEE} International Conference on Computer Science and Automation Engineering"}
@STRING{IEEE_C_ICCV        = "\proc {IEEE} International Conference on Computer Vision"}
@STRING{IEEE_C_ICCVW       = "\proc {IEEE} International Conference on Computer Vision Workshops"}
@STRING{IEEE_C_ICIP        = "\proc {IEEE} International Conference on Image Processing"}               
@STRING{IEEE_C_ICME        = "\proc {IEEE} International Conference on Multimedia and Expo"}
@STRING{IEEE_C_ICRA        = "\proc {IEEE} International Conference on Robotics and Automation"}               
@STRING{IEEE_C_IGARSS      = "\proc {IEEE} International Geoscience and Remote Sensing Symposium"}
@STRING{IEEE_C_ISCAS       = "\proc {IEEE} International Symposium on Circuits and Systems"}
@STRING{IEEE_C_ISSCC       = "\proc {IEEE} International Solid-State Circuits Conference"} 
@STRING{IEEE_C_ISPACS      = "\proc {IEEE} International Symposium on Intelligent Signal Processing and Communication Systems"}
@STRING{IEEE_C_ITS         = "\proc {IEEE} Intelligent Transportation Systems"}
@STRING{IEEE_C_IVS         = "\proc {IEEE} Intelligent Vehicles Symposium"}
@STRING{IEEE_C_MSP         = "\proc {IEEE} Workshop on Multimedia Signal Processing"}
@STRING{IEEE_C_PETS        = "\proc {IEEE} International Workshop on Performance Evaluation of Tracking and Surveillance"}
@STRING{IEEE_C_PSIVT       = "\proc {IEEE} Pacific-Rim Symposium on Image and Video Technology"}
@STRING{IEEE_C_VS_PETS     = "\proc {IEEE} International Workshop on Visual Surveillance and Performance Evaluation of Tracking and Surveillance"}
@STRING{IEEE_C_WMANRAO     = "\proc {IEEE} Workshop on Motion of Non-Rigid and Articulated Objects"}
@STRING{IEEE_C_ICASSP      = "\proc {IEEE} International Conference on Acoustics, Speech and Signal Processing"}
@STRING{IEEE_C_IRS         = "\proc {IEEE}/RSJ International Conference on Intelligent Robots and Systems"}
@STRING{IEEE_C_FCCM        = "\proc {IEEE} International Symposium on Field-Programmable Custom Computing Machines"}
@STRING{IEEE_C_SIPS        = "\proc {IEEE} Workshop Signal Processing Systems"}
@STRING{IEEE_C_NN          = "\proc {IEEE} International Conference on Neural Networks"}
@STRING{IEEE_JC_NN         = "\proc {IEEE} International Joint Conference on Neural Networks"},
@STRING{IEEE_C_ISCA        = "\proc {IEEE} International Symposium on Compututer Architecture"}

@STRING{C_ACAS             = "\proc Advances in Computer Systems Architecture"}
@STRING{C_ACCV             = "\proc Asian Conference on Computer Vision"}
@STRING{C_APSIPA           = "\proc Asia-Pacific Signal and Information Processing Association Annual Summit and Conference"}
@STRING{C_BMVC             = "\proc British Machine Vision Conference"}
@STRING{C_ECCV             = "\proc European Conference on Computer Vision"}
@STRING{C_ECCVW            = "\proc European Conference on Computer Vision Workshop"}
@STRING{C_ICML             = "\proc International Conference on Machine Learning"}
@STRING{C_ICPR             = "\proc International Conference on Pattern Recognition"}
@STRING{C_ITC-CSCC         = "\proc International Technical Conference on Circuits/Systems, Computers and Communications"}
@STRING{C_NIPS             = "\proc Advances in Neural Information Processing Systems"}
@STRING{C_IIHMSP           = "\proc International Conference on Intelligent Information Hiding and Multimedia Signal Processing"}
@STRING{C_ICAPS            = "\proc International Conference on Automated Planning and Scheduling"}
@STRING{C_ICVS             = "\proc International Conference on Computer Vision Systems"}
@STRING{C_ISER             = "\proc International Symposium on Experimental Robotics"}
@STRING{C_WSACTV           = "\proc Workshop on Statistical and Computational Theories of Vision"}
@STRING{C_ISCIT            = "\proc International Symposium on Communications and Information Technologies"}

@STRING{DAGM_S_PR          = "\proc {DAGM} Symposium on Pattern Recognition"}
@STRING{RSL_SA             = "\proc the Royal Society of London. Series A: Mathematical, Physical and Engineering Sciences"}
@STRING{NRLQ               = "Naval Research Logistics Quarterly"}
@STRING{CJECE              = "Canadian Journal of Electrical and Computer Engineering"}
@STRING{C_ICLR             = "\proc International Conference on Learning Representations"}
@STRING{C_ICLRW            = "\proc International Conference on Learning Representations Workshop"}
@STRING{MIT_NECO           = "Neural Computation"}
@STRING{JMLR.ORG_C_AIS     = "\proc International Conference on Artificial Intelligence and Statistics"}

@STRING{IEEE_STD754        = "{IEEE} Std 754-2008"}
@STRING{C_SISA             = "\proc International Workshop on Smart Info-Media Systems in Asia"}
@STRING{C_ISOCC            = "\proc International SoC Design Conference"}
@STRING{C_FPL              = "\proc International Conference on Field-Programmable Logic and Applications"}
@STRING{C_ESTIMEDIA        = "\proc {ACM}/{IEEE} Symposium on Embedded Systems For Real-time Multimedia"}
@STRING{C_AAAI             = "\proc National Conference on Artificial Intelligence"}
@STRING{C_RAECS            = "\proc Recent Advances in Engineering and Computational Sciences"}
@STRING{C_PKDD             = "\proc Machine Learning and Knowledge Discovery in Databases"}