@article{bib:Support-Vector-Networks,
  author =	 {Cortes, Corinna and Vapnik, Vladimir},
  title =	 {Support-vector networks},
  journal =	 SPRINGER_J_ML,
  year =	 1995,
  month =	 sep,
  volume =	 20,
  number =	 3,
  pages =	 {273--297},
  doi =		 {10.1007/BF00994018},
}

@inproceedings{bib:Lessons-in-Neural-Network-Training,
  author =	 {Lawrence, Steve and Giles, C. Lee and Tsoi, Ah
                  Chung},
  title =	 {Lessons in Neural Network Training: Overfitting May
                  Be Harder Than Expected},
  booktitle =	 C_AAAI,
  year =	 1997,
  pages =	 {540--545},
  month =	 jul,
}

@inproceedings{bib:Generalization-in-Deep-Learning,
  title =	 {Generalization in Deep Learning},
  author =	 {Kenji Kawaguchi and Leslie Pack Kaelbling and Yoshua
                  Bengio},
  year =	 2018,
  booktitle =	 {Mathematics of Deep Learning, Cambridge University
                  Press, to appear},
}

@article{bib:An-introduction-to-kernel-based-learning-algorithms,
  author =	 {K. R. Muller and S. Mika and G. Ratsch and K. Tsuda
                  and B. Scholkopf},
  journal =	 IEEE_J_NN,
  title =	 {An introduction to kernel-based learning algorithms},
  year =	 2001,
  volume =	 12,
  number =	 2,
  pages =	 {181--201},
  doi =		 {10.1109/72.914517},
  month =	 mar,
}


@unpublished{bib:Convolutional-Deep-Belief-Networks-on-CIFAR-10,
  author =	 {Krizhevsky, Alex},
  title =	 {Convolutional deep belief networks on {CIFAR}-10},
  year =	 2010,
  pages =	 {1--9},
  note =	 {unpublished},
}

@inproceedings{bib:Support-Vector-Machines-Data-Reduction-and-Approximate-Kernel-Matrices,
  author =	 {Nguyen, XuanLong and Huang, Ling and Joseph, Anthony
                  D.},
  title =	 {Support Vector Machines, Data Reduction, and
                  Approximate Kernel Matrices},
  booktitle =	 C_PKDD,
  year =	 2008,
  pages =	 {137--153},
  month =	 sep,
}

@inproceedings{bib:Reducing-Neural-Network-Training-Data-using-Support-Vectors,
  author =	 {K. Dahiya and A. Sharma},
  booktitle =	 C_RAECS,
  title =	 {Reducing neural network training data using support
                  vectors},
  year =	 2014,
  pages =	 {1--4},
  doi =		 {10.1109/RAECS.2014.6799642},
  month =	 mar,
}

@article{bib:A-novel-hybrid-CNN-SVM-classifier-for-recognizing-handwritten-digits,
  author =	 {Niu, Xiao-Xiao and Suen, Ching Y.},
  title =	 {A Novel Hybrid {CNN}-{SVM} Classifier for
                  Recognizing Handwritten Digits},
  journal =	 ELSEVIER_J_PR,
  volume =	 45,
  number =	 4,
  month =	 apr,
  year =	 2012,
  pages =	 {1318--1325},
  doi =		 {10.1016/j.patcog.2011.09.021},
}

@inproceedings{bib:Deep-Residual-Learning-for-Image-Recognition,
  author =	 {K. He and X. Zhang and S. Ren and J. Sun},
  booktitle =	 IEEE_C_CVPR,
  title =	 {Deep Residual Learning for Image Recognition},
  year =	 2016,
  pages =	 {770--778},
  doi =		 {10.1109/CVPR.2016.90},
  month =	 jun,
}

@techreport{bib:Multi-class-Support-Vector-Machines,
  author =	 {J. Weston and C. Watkins},
  institution =	 {Royal Holloway University of London},
  title =	 {Multi-class Support Vector Machines},
  year =	 1998,
  month =	 may,
}

@inproceedings{bib:alexnet-krizhevsky-nips2012,
  title =	 {Imagenet classification with deep convolutional
                  neural networks},
  author =	 {Krizhevsky, Alex and Sutskever, Ilya and Hinton,
                  Geoffrey E},
  booktitle =	 C_NIPS,
  pages =	 {1097--1105},
  year =	 {2012}
}

@inproceedings{bib:deng2009imagenet,
  author =	 {J. Deng and W. Dong and R. Socher and L. J. Li and
                  and K. Li and L. Fei-Fei},
  booktitle =	 IEEE_C_CVPR,
  title =	 {{ImageNet}: A large-scale hierarchical image
                  database},
  year =	 2009,
  pages =	 {248--255},
  doi =		 {10.1109/CVPR.2009.5206848},
  month =	 jun,
}

